@book{intuit-galatenko-01,
	author = {В.А. Галатенко},
	title = {Программирование в стандарте POSIX. Часть 1},
	year = {2004},
	isbn = {5-9556-0011-6},
	publisher = {Интернет-университет информационных технологий - ИНТУИТ.ру},
	address = {},
	numpages = {560},
	language = {russian},
	OPTnote = {}
}

@book{man-pages-01,
	author = {Сообщество},
	title = {Проект Linux man-pages},
	year = {2011},
	isbn = {},
	publisher = {http://www.kernel.org/doc/man-pages/},
	address = {},
	numpages = {},
	language = {english},
	OPTnote = {}
}

@book{man-pages-02,
	author = {Сообщество},
	title = {Русские переводы страниц руководства по ОС GNU/*/Linux},
	year = {2011},
	isbn = {},
	publisher = {http://www.linuxshare.ru/projects/trans},
	address = {},
	numpages = {},
	language = {russian},
	OPTnote = {}
}



